<record><leader>00000cas a22000007a 4500</leader><controlfield tag="001">34773142</controlfield><controlfield tag="008">960522d19721975caucr ne      0    0eng d</controlfield><datafield ind1=" " ind2=" " tag="010"><subfield code="a">sn 96062722 </subfield></datafield><datafield ind1=" " ind2=" " tag="040"><subfield code="a">CNK</subfield><subfield code="b">eng</subfield><subfield code="c">CNK</subfield><subfield code="d">OCLCQ</subfield><subfield code="d">OCLCF</subfield><subfield code="d">OCLCO</subfield></datafield><datafield ind1="1" ind2=" " tag="029"><subfield code="a">AU@</subfield><subfield code="b">000012500779</subfield></datafield><datafield ind1=" " ind2=" " tag="042"><subfield code="a">msc</subfield></datafield><datafield ind1=" " ind2=" " tag="043"><subfield code="a">n-us-ca</subfield></datafield><datafield ind1="0" ind2="0" tag="245"><subfield code="a">Bellflower call-enterprise.</subfield></datafield><datafield ind1="3" ind2=" " tag="246"><subfield code="a">Call-enterprise</subfield></datafield><datafield ind1="1" ind2="7" tag="246"><subfield code="a">Herald American and call-enterprise</subfield></datafield><datafield ind1=" " ind2=" " tag="260"><subfield code="a">Bellflower, Calif. :</subfield><subfield code="b">Charles Aydelotte</subfield></datafield><datafield ind1=" " ind2=" " tag="300"><subfield code="a">v.</subfield></datafield><datafield ind1=" " ind2=" " tag="310"><subfield code="a">Semiweekly</subfield></datafield><datafield ind1="0" ind2=" " tag="362"><subfield code="a">60th year, issue 102 (Dec. 21, 1972)-63rd year, issue 38 (May 11, 1975).</subfield></datafield><datafield ind1=" " ind2=" " tag="500"><subfield code="a">"Bellflower" appears in small print above "Call-Enterprise."</subfield></datafield><datafield ind1=" " ind2=" " tag="580"><subfield code="a">Published in several local editions.</subfield></datafield><datafield ind1=" " ind2="0" tag="651"><subfield code="a">Bellflower (Calif.)</subfield><subfield code="v">Newspapers.</subfield></datafield><datafield ind1=" " ind2="7" tag="655"><subfield code="a">Newspapers.</subfield><subfield code="2">fast</subfield><subfield code="0">(OCoLC)fst01423814</subfield></datafield><datafield ind1=" " ind2="7" tag="651"><subfield code="a">California</subfield><subfield code="z">Bellflower.</subfield><subfield code="2">fast</subfield><subfield code="0">(OCoLC)fst01217476</subfield></datafield><datafield ind1=" " ind2=" " tag="752"><subfield code="a">United States</subfield><subfield code="b">California</subfield><subfield code="c">Los Angeles</subfield><subfield code="d">Bellflower.</subfield></datafield><datafield ind1="0" ind2="0" tag="780"><subfield code="t">Bellflower herald-enterprise</subfield><subfield code="w">(DLC)sn 96062721</subfield></datafield><datafield ind1="0" ind2="0" tag="785"><subfield code="t">Bellflower herald American</subfield><subfield code="w">(DLC)sn 96062723</subfield></datafield></record>